<collection xmlns="http://www.loc.gov/MARC21/slim"><record><leader>00955nam  2200289   450</leader><controlfield tag="001">352</controlfield><controlfield tag="003">http://montalegre.opacnet.com/OPAC/default.aspx?ContentAreaControl=ShowRegHoldings.ascx&amp;RegNo=16662</controlfield><datafield tag="021" ind1=" " ind2=" "><subfield code="a">PT</subfield><subfield code="b">17581/87</subfield></datafield><datafield tag="095" ind1=" " ind2=" "><subfield code="a">PTBN00112667</subfield></datafield><datafield tag="100" ind1=" " ind2=" "><subfield code="a">19880603d1987    am y0pora010305  ba</subfield></datafield><datafield tag="101" ind1="1" ind2=" "><subfield code="a">por</subfield><subfield code="c">fre</subfield></datafield><datafield tag="102" ind1=" " ind2=" "><subfield code="a">PT</subfield></datafield><datafield tag="200" ind1="1" ind2=" "><subfield code="a">Fábulas</subfield><subfield code="f">La Fontaine</subfield><subfield code="g">il. Gustave Doré</subfield></datafield><datafield tag="210" ind1=" " ind2=" "><subfield code="a">Mem Martins</subfield><subfield code="c">Europa-América</subfield><subfield code="d">D.L. 1987</subfield></datafield><datafield tag="215" ind1=" " ind2=" "><subfield code="a">387, [1] p.</subfield><subfield code="c">il.</subfield><subfield code="d">21 cm</subfield></datafield><datafield tag="225" ind1="2" ind2=" "><subfield code="a">Clássicos</subfield><subfield code="v">1</subfield></datafield><datafield tag="675" ind1=" " ind2=" "><subfield code="a">821.133.1-34"16"</subfield></datafield><datafield tag="675" ind1=" " ind2=" "><subfield code="a">840-34 La Fontaine</subfield><subfield code="v">BN</subfield><subfield code="z">por</subfield></datafield><datafield tag="675" ind1=" " ind2=" "><subfield code="a">087.5</subfield></datafield><datafield tag="700" ind1=" " ind2="1"><subfield code="a">La Fontaine</subfield><subfield code="b">Jean de</subfield><subfield code="f">1621-1695</subfield></datafield><datafield tag="702" ind1=" " ind2="1"><subfield code="a">Doré</subfield><subfield code="b">Gustave</subfield><subfield code="f">1832-1883</subfield><subfield code="4">440</subfield></datafield><datafield tag="702" ind1=" " ind2="1"><subfield code="a">Chagas</subfield><subfield code="b">Pinheiro</subfield><subfield code="f">1842-1895</subfield><subfield code="4">080</subfield></datafield><datafield tag="702" ind1=" " ind2="1"><subfield code="a">Braga</subfield><subfield code="b">Teófilo</subfield><subfield code="f">1843-1924</subfield><subfield code="4">080</subfield></datafield><datafield tag="702" ind1=" " ind2="1"><subfield code="a">Elísio</subfield><subfield code="b">Filinto</subfield><subfield code="c">pseud</subfield><subfield code="4">730</subfield></datafield><datafield tag="702" ind1=" " ind2="1"><subfield code="a">Semedo</subfield><subfield code="b">Curvo</subfield><subfield code="f">1766-1838</subfield><subfield code="4">730</subfield></datafield><datafield tag="801" ind1=" " ind2="0"><subfield code="a">PT</subfield><subfield code="b">Biblioteca Municipal de Montalegre</subfield><subfield code="g">RPC</subfield></datafield><datafield tag="856" ind1=" " ind2=" "><subfield code="u">locateMedia.asp?cod=20060511162938&amp;ext=jpg</subfield><subfield code="z">CAPA</subfield></datafield><datafield tag="909" ind1="&#9;" ind2=" "><subfield code="a">1</subfield></datafield><datafield tag="966" ind1=" " ind2=" "><subfield code="a">0008804</subfield><subfield code="l">BMM</subfield><subfield code="s">SCG 821 LaF fab</subfield></datafield></record></collection>